@article{1211-vlc1999,
  title={Visible light communication for audio systems},
  author={Pang, Grantham and Ho, Ka-Lim and Kwan, Thomas and Yang, Edward},
  journal={IEEE Transactions on Consumer Electronics},
  volume={45},
  number={4},
  pages={1112--1118},
  year={1999},
  publisher={IEEE}
}

@INPROCEEDINGS{1212-vlc2000,
  author={Tanaka, Y. and Haruyama, S. and Nakagawa, M.},
  booktitle={11th IEEE International Symposium on Personal Indoor and Mobile Radio Communications. PIMRC 2000. Proceedings (Cat. No.00TH8525)}, 
  title={Wireless optical transmissions with white colored LED for wireless home links}, 
  year={2000},
  volume={2},
  number={},
  pages={1325-1329 vol.2},
  doi={10.1109/PIMRC.2000.881634}}
  
  @ARTICLE{1213-vlc2004,
  author={Komine, T. and Nakagawa, M.},
  journal={IEEE Transactions on Consumer Electronics}, 
  title={Fundamental analysis for visible-light communication system using LED lights}, 
  year={2004},
  volume={50},
  number={1},
  pages={100-107},
  doi={10.1109/TCE.2004.1277847}}

  @ARTICLE{1214-vlc2009,
  author={Le Minh, Hoa and O'Brien, Dominic and Faulkner, Grahame and Zeng, Lubin and Lee, Kyungwoo and Jung, Daekwang and Oh, YunJe and Won, Eun Tae},
  journal={IEEE Photonics Technology Letters}, 
  title={100-Mb/s NRZ Visible Light Communications Using a Postequalized White LED}, 
  year={2009},
  volume={21},
  number={15},
  pages={1063-1065},
  doi={10.1109/LPT.2009.2022413}}

@misc{1215-vlc2011,
title = "Wireless Data from Every Light Bulb",
author = "Harald Haas",
note = "TED Website",
year = "2011",
month = aug,
day = "1",
language = "Undefined/Unknown",
type = "Other",
}

@ARTICLE{1216-vlc-rgb,
  author={Sewaiwar, Atul and Han, Phyu Phyu and Chung, Yeon Ho},
  journal={IEEE Photonics Journal}, 
  title={3-Gbit/s Indoor Visible Light Communications Using Optical Diversity Schemes}, 
  year={2015},
  volume={7},
  number={6},
  pages={1-9},
  doi={10.1109/JPHOT.2015.2494498}}

  @INPROCEEDINGS{1217-vlc-blue-led,
  author={Zhou, Yingjun and Zhao, Jiaqi and Zhang, Mengjie and Shi, Jianyang and Chi, Nan},
  booktitle={2016 10th International Symposium on Communication Systems, Networks and Digital Signal Processing (CSNDSP)}, 
  title={2.32 Gbit/s phosphorescent white LED visible light communication aided by two-staged linear software equalizer}, 
  year={2016},
  volume={},
  number={},
  pages={1-4},
  doi={10.1109/CSNDSP.2016.7573913}}

@article{1218-vlc-si-led,
  title={Common-anode LED on a Si substrate for beyond 15 Gbit/s underwater visible light communication},
  author={Zhou, Yingjun and Zhu, Xin and Hu, Fangchen and Shi, Jianyang and Wang, Fumin and Zou, Peng and Liu, Junlin and Jiang, Fengyi and Chi, Nan},
  journal={Photonics Research},
  volume={7},
  number={9},
  pages={1019--1029},
  year={2019},
  publisher={Optica Publishing Group}
}

@ARTICLE{1219-vlc-microled,
  author={Zhang, Shuailong and Watson, Scott and McKendry, Jonathan J. D. and Massoubre, David and Cogman, Andrew and Gu, Erdan and Henderson, Robert K. and Kelly, Anthony E. and Dawson, Martin D.},
  journal={Journal of Lightwave Technology}, 
  title={1.5 Gbit/s Multi-Channel Visible Light Communications Using CMOS-Controlled GaN-Based LEDs}, 
  year={2013},
  volume={31},
  number={8},
  pages={1211-1216},
  doi={10.1109/JLT.2013.2246138}}

  @article{12110-vlc-ld,
  title={Laser-diode-based visible light communication: Toward gigabit class communication},
  author={Zafar, Fahad and Bakaul, Masuduzzaman and Parthiban, Rajendran},
  journal={IEEE Communications Magazine},
  volume={55},
  number={2},
  pages={144--151},
  year={2017},
  publisher={IEEE}
}

@article{12111-vlc-pin,
  title={An integrated PIN-array receiver for visible light communication},
  author={Li, Jie-Hui and Huang, Xing-Xing and Ji, Xin-Ming and Chi, Nan and Shi, Jian-Yang},
  journal={Journal of Optics},
  volume={17},
  number={10},
  pages={105805},
  year={2015},
  publisher={IOP Publishing}
}

@INPROCEEDINGS{12112-vlc-apd,
  author={Li, X. and Bamiedakis, N. and Guo, X. and McKendry, J. J. D. and Xie, E. and Ferreira, R. and Gu, E. and Dawson, M. D. and Penty, R. V. and White, I. H.},
  booktitle={2015 European Conference on Optical Communication (ECOC)}, 
  title={2 Gb/s μLED-APD based visible light communications using feed-forward pre-equalization and PAM-4 modulation}, 
  year={2015},
  volume={},
  number={},
  pages={1-3},
  doi={10.1109/ECOC.2015.7341880}}

@INPROCEEDINGS{12113-vlc-spad,
  author={Kosman, John and Almer, Oscar and Abbas, Tarek Al and Dutton, Neale and Walker, Richard and Videv, Stefan and Moore, Kevin and Haas, Harald and Henderson, Robert},
  booktitle={2019 IEEE International Solid- State Circuits Conference - (ISSCC)}, 
  title={29.7 A 500Mb/s -46.1dBm CMOS SPAD Receiver for Laser Diode Visible-Light Communications}, 
  year={2019},
  volume={},
  number={},
  pages={468-470},
  doi={10.1109/ISSCC.2019.8662427}}

@ARTICLE{12114-vlc-spad,
  author={Zhang, Long and Chitnis, Danial and Chun, Hyunchae and Rajbhandari, Sujan and Faulkner, Grahame and O'Brien, Dominic and Collins, Steve},
  journal={Journal of Lightwave Technology}, 
  title={A Comparison of APD- and SPAD-Based Receivers for Visible Light Communications}, 
  year={2018},
  volume={36},
  number={12},
  pages={2435-2442},
  doi={10.1109/JLT.2018.2811180}}

@ARTICLE{12115-vls-upds,
  author={Alkhazragi, Omar and Kang, Chun Hong and Kong, Meiwei and Liu, Guangyu and Lee, Changmin and Li, Kuang-Hui and Zhang, Huafan and Wagstaff, Jonathan M. and Alhawaj, Fatimah and Ng, Tien Khee and Speck, James S. and Nakamura, Shuji and DenBaars, Steven P. and Ooi, Boon S.},
  journal={IEEE Photonics Technology Letters}, 
  title={7.4-Gbit/s Visible-Light Communication Utilizing Wavelength-Selective Semipolar Micro-Photodetector}, 
  year={2020},
  volume={32},
  number={13},
  pages={767-770},
  doi={10.1109/LPT.2020.2995110}}

  @article{12116-vlc-wdm,
  title={4.5-Gb/s RGB-LED based WDM visible light communication system employing CAP modulation and RLS based adaptive equalization},
  author={Wang, Yiguang and Huang, Xingxing and Tao, Li and Shi, Jianyang and Chi, Nan},
  journal={Optics express},
  volume={23},
  number={10},
  pages={13626--13633},
  year={2015},
  publisher={Optica Publishing Group}
}

@ARTICLE{12117-vlc-ofdm,
  author={Azhar, Ahmad Helmi and Tran, Tuan-Anh and O'Brien, Dominic},
  journal={IEEE Photonics Technology Letters}, 
  title={A Gigabit/s Indoor Wireless Transmission Using MIMO-OFDM Visible-Light Communications}, 
  year={2013},
  volume={25},
  number={2},
  pages={171-174},
  doi={10.1109/LPT.2012.2231857}}

@article{12118-vlc-ofdm,
  title={6.915-Gbit/s white-light phosphor laser diode-based DCO-OFDM visible light communication (VLC) system with functional transmission distance},
  author={Wei, Liang-Yu and Liu, Yang and Chow, Chi-Wai and Chen, Guan-Hong and Peng, Ching-Wei and Guo, Pin-Cheng and Tsai, Jui-Feng and Yeh, Chien-Hung},
  journal={Electronics Letters},
  volume={56},
  number={18},
  pages={945--947},
  year={2020},
  publisher={Wiley Online Library}
}

@article{12119-vlc-cap,
  title={Enabling technologies for high-speed visible light communication employing CAP modulation},
  author={Chi, Nan and Zhou, Yingjun and Liang, Shangyu and Wang, Fumin and Li, Jiehui and Wang, Yiguang},
  journal={Journal of Lightwave Technology},
  volume={36},
  number={2},
  pages={510--518},
  year={2018},
  publisher={IEEE}
}

@ARTICLE{12120-vlc-cap,
  author={Haigh, Paul Anthony and Burton, Andrew and Werfli, Khald and Minh, Hoa Le and Bentley, Edward and Chvojka, Petr and Popoola, Wasiu O. and Papakonstantinou, Ioannis and Zvanovec, Stanislav},
  journal={IEEE Journal on Selected Areas in Communications}, 
  title={A Multi-CAP Visible-Light Communications System With 4.85-b/s/Hz Spectral Efficiency}, 
  year={2015},
  volume={33},
  number={9},
  pages={1771-1779},
  doi={10.1109/JSAC.2015.2433053}}

@ARTICLE{12121-vlc-cap,
  author={Wu, F. M. and Lin, C. T. and Wei, C. C. and Chen, C. W. and Chen, Z. Y. and Huang, H. T. and Chi, Sien},
  journal={IEEE Photonics Journal}, 
  title={Performance Comparison of OFDM Signal and CAP Signal Over High Capacity RGB-LED-Based WDM Visible Light Communication}, 
  year={2013},
  volume={5},
  number={4},
  pages={7901507-7901507},
  doi={10.1109/JPHOT.2013.2271637}}

@INPROCEEDINGS{12122-vlc-dmt,
  author={Zhu, Xin and Wang, Fumin and Shi, Meng and Chi, Nan and Liu, Junlin and Jiang, Fengyi},
  booktitle={2018 Optical Fiber Communications Conference and Exposition (OFC)}, 
  title={10.72Gb/s Visible Light Communication System Based On Single Packaged RGBYC LED Utilizing QAM-DMT Modulation With Hardware Pre-Equalization}, 
  year={2018},
  volume={},
  number={},
  pages={1-3},
  doi={}}

@article{12123-vlc-11.95G,
author = {Mohamed Sufyan Islim and Ricardo X. Ferreira and Xiangyu He and Enyuan Xie and Stefan Videv and Shaun Viola and Scott Watson and Nikolaos Bamiedakis and Richard V. Penty and Ian H. White and Anthony E. Kelly and Erdan Gu and Harald Haas and Martin D. Dawson},
journal = {Photonics Research},
keywords = {Optical communications; Free-space optical communication; Light-emitting diodes; Micro-optical devices},
number = {11},
pages = {A35},
publisher = {},
title = {Towards 10  Gb/s orthogonal frequency division multiplexing-based visible light communication using a GaN violet micro-LED},
volume = {5},
month = {2},
year = {2017},
url = {https://www.researching.cn/articles/OJd15810c8fa60bf2a}}

@ARTICLE{12124-vlc-15.73G,
  author={Bian, Rui and Tavakkolnia, Iman and Haas, Harald},
  journal={Journal of Lightwave Technology}, 
  title={15.73 Gb/s Visible Light Communication With Off-the-Shelf LEDs}, 
  year={2019},
  volume={37},
  number={10},
  pages={2418-2424},
  doi={10.1109/JLT.2019.2906464}}

@article{12125-vlc-224G,
  title={A wide-area coverage 35 Gb/s visible light communications link for indoor wireless applications},
  author={Chun, Hyunchae and Gomez, Ariel and Quintana, Crisanto and Zhang, Weida and Faulkner, Grahame and O’Brien, Dominic},
  journal={Scientific reports},
  volume={9},
  number={1},
  pages={4952},
  year={2019},
  publisher={Nature Publishing Group UK London}
}

@ARTICLE{vlc-6G-chinan,
  author={Chi, Nan and Zhou, Yingjun and Wei, Yiran and Hu, Fangchen},
  journal={IEEE Vehicular Technology Magazine}, 
  title={Visible Light Communication in 6G: Advances, Challenges, and Prospects}, 
  year={2020},
  volume={15},
  number={4},
  pages={93-102},
  doi={10.1109/MVT.2020.3017153}}

@ARTICLE{vlc-chinan-8Gb,
  author={Wang, Yiguang and Tao, Li and Huang, Xingxing and Shi, Jianyang and Chi, Nan},
  journal={IEEE Photonics Journal}, 
  title={8-Gb/s RGBY LED-Based WDM VLC System Employing High-Order CAP Modulation and Hybrid Post Equalizer}, 
  year={2015},
  volume={7},
  number={6},
  pages={1-7},
  doi={10.1109/JPHOT.2015.2489927}}

@INPROCEEDINGS{vlc-chinan-20.09Gb,
  author={Hu, Fangchen and Li, Guoqiang and Zou, Peng and Hu, Jian and Chen, Shouqing and Liu, Qingquan and Zhang, Jianli and Jiang, Fengyi and Wang, Shaowei and Chi, Nan},
  booktitle={2020 Optical Fiber Communications Conference and Exhibition (OFC)}, 
  title={20.09-Gbit/s Underwater WDM-VLC Transmission based on a Single Si/GaAs-Substrate Multichromatic LED Array Chip}, 
  year={2020},
  volume={},
  number={},
  pages={1-3},
  doi={}}

  @article{vlc-chinan-4.57Gb,
  title={High-speed GaN-based superluminescent diode for 4.57 Gbps visible light communication},
  author={Li, Dong and Ma, Chicheng and Wang, Junfei and Hu, Fangchen and Hou, Yuqi and Wang, Shanshan and Hu, Junhui and Yi, Shulan and Ma, Yingnan and Shi, Jianyang and others},
  journal={Crystals},
  volume={12},
  number={2},
  pages={191},
  year={2022},
  publisher={MDPI}
}

  @article{vlc-nature-35Gb,
  title={A Wide-Area Coverage 35 Gb/s Visible Light Communications Link for Indoor Wireless Applications},
  author={Li, Dong and Ma, Chicheng and Wang, Junfei and Hu, Fangchen and Hou, Yuqi and Wang, Shanshan and Hu, Junhui and Yi, Shulan and Ma, Yingnan and Shi, Jianyang and others},
  journal={scientific reports },
  volume={9},
  number={4952},
  pages={},
  year={2019},
  doi={10.1038/s41598-019-41397-6}
}

@article{vlc-longdistance-13m,
  title={High-speed long-distance visible light communication based on multicolor series connection micro-LEDs and wavelength division multiplexing},
  author={Zhu, Shijie and Qiu, Pengjiang and Shan, Xinyi and Lin, Runze and Wang, Zhou and Jin, Zuxin and Cui, Xugao and Zhang, Guoqi and Tian, Pengfei},
  journal={Photonics Research},
  volume={10},
  number={8},
  pages={1892--1899},
  year={2022},
  publisher={Optica Publishing Group}
}

@article{vlc-v2x-1,
  title={A survey of the connected vehicle landscape—Architectures, enabling technologies, applications, and development areas},
  author={Siegel, Joshua E and Erb, Dylan C and Sarma, Sanjay E},
  journal={IEEE Transactions on Intelligent Transportation Systems},
  volume={19},
  number={8},
  pages={2391--2406},
  year={2017},
  publisher={IEEE}
}

@article{vlc-v2x-2,
  title={Simultaneous visible light communication and distance measurement based on the automotive lighting},
  author={B{\'e}chadergue, Bastien and Chassagne, Luc and Guan, Hongyu},
  journal={IEEE Transactions on Intelligent Vehicles},
  volume={4},
  number={4},
  pages={532--547},
  year={2019},
  publisher={IEEE}
}
@inproceedings{vlc-vlp-1,
  title={Visible light positioning: Automotive use case},
  author={Roberts, Richard and Gopalakrishnan, Praveen and Rathi, Somya},
  booktitle={2010 IEEE Vehicular Networking Conference},
  pages={309--314},
  year={2010},
  organization={IEEE}
}

@inproceedings{vlc-vlp-2,
  title={Fundamental analysis for indoor visible light positioning system},
  author={Lou, Penghua and Zhang, Hongming and Zhang, Xie and Yao, Minyu and Xu, Zhengyuan},
  booktitle={2012 1st IEEE International Conference on Communications in China Workshops (ICCC)},
  pages={59--63},
  year={2012},
  organization={IEEE}
}
@article{vlc-vlp-3,
  title={Visible light positioning: a roadmap for international standardization},
  author={Armstrong, Jean and Sekercioglu, Y Ahmet and Neild, Adrian},
  journal={IEEE Communications Magazine},
  volume={51},
  number={12},
  pages={68--73},
  year={2013},
  publisher={IEEE}
}
@ARTICLE{vlc-uwoc,
  author={Zeng, Zhaoquan and Fu, Shu and Zhang, Huihui and Dong, Yuhan and Cheng, Julian},
  journal={IEEE Communications Surveys & Tutorials}, 
  title={A Survey of Underwater Optical Wireless Communications}, 
  year={2017},
  volume={19},
  number={1},
  pages={204-238},
  doi={10.1109/COMST.2016.2618841}}
  
@article{vlc-occ,
  title={Survey on optical camera communications: challenges and opportunities},
  author={Saha, Nirzhar and Ifthekhar, Md Shareef and Le, Nam Tuan and Jang, Yeong Min},
  journal={Iet Optoelectronics},
  volume={9},
  number={5},
  pages={172--183},
  year={2015},
  publisher={Wiley Online Library}
}
@article{vlc-occ-2,
  title={基于高分辨率图像传感器的单帧光学相机通信},
  author={戴永恒 and 汤璇},
  journal={南京信息工程大学学报: 自然科学版},
  volume={9},
  number={2},
  pages={185--191},
  year={2017}
}
@INPROCEEDINGS{vlc-occ-first2012,
  author={Danakis, Christos and Afgani, Mostafa and Povey, Gordon and Underwood, Ian and Haas, Harald},
  booktitle={2012 IEEE Globecom Workshops}, 
  title={Using a CMOS camera sensor for visible light communication}, 
  year={2012},
  volume={},
  number={},
  pages={1244-1248},
  doi={10.1109/GLOCOMW.2012.6477759}}

  @article{vlc-occ-3,
  title={光学成像通信研究现状与展望},
  author={韩思齐 and 侯春宁 and 贾俊连 and 迟楠},
  journal={照明工程学报},
  volume={31},
  number={3},
  pages={123--133},
  year={2020}
}
@article{vlc-occ-4,
  title={Optical camera communications: Principles, modulations, potential and challenges},
  author={Cahyadi, Willy Anugrah and Chung, Yeon Ho and Ghassemlooy, Zabih and Hassan, Navid Bani},
  journal={Electronics},
  volume={9},
  number={9},
  pages={1339},
  year={2020},
  publisher={MDPI}
}
@article{vlc-occ-5,
  title={Channel-attention-enhanced LSTM neural network decoder and equalizer for RSE-based optical camera communications},
  author={Ling, Peng and Li, Maolin and Guan, Weipeng},
  journal={Electronics},
  volume={11},
  number={8},
  pages={1272},
  year={2022},
  publisher={MDPI}
}

@ARTICLE{vlc-challenges,
  author={Matheus, Luiz Eduardo Mendes and Vieira, Alex Borges and Vieira, Luiz F. M. and Vieira, Marcos A. M. and Gnawali, Omprakash},
  journal={IEEE Communications Surveys & Tutorials}, 
  title={Visible Light Communication: Concepts, Applications and Challenges}, 
  year={2019},
  volume={21},
  number={4},
  pages={3204-3237},
  doi={10.1109/COMST.2019.2913348}}


@article{vlc-nlos-1,
  title={Non-line-of-sight WDM-MIMO optical camera communications with the DBPWR algorithm},
  author={Jiang, Ningcong and Lin, Bangjiang and Lai, Qiwei and Huang, Tianming and Ghassemlooy, Zabih and Younus, Othman Isam and Luo, Jiabin and Xie, Yufang and Dai, Lingfeng and Huang, Zhuo},
  journal={Optics Communications},
  volume={518},
  pages={128371},
  year={2022},
  publisher={Elsevier}
}
  
@article{vlc-nlos-2,
  title={Non-line-of-sight mimo space-time division multiplexing visible light optical camera communications},
  author={Hassan, Navid Bani and Ghassemlooy, Zabih and Zvanovec, Stanislav and Biagi, Mauro and Vegni, Anna Maria and Zhang, Min and Luo, Pengfei},
  journal={Journal of Lightwave Technology},
  volume={37},
  number={10},
  pages={2409--2417},
  year={2019},
  publisher={IEEE}
}

@INPROCEEDINGS{vlp-01-cs,
  author={Sertthin, Chinnapat and Tsuji, Emiko and Nakagawa, Masao and Kuwano, Shigeru and Watanabe, Kazuji},
  booktitle={2009 4th International Symposium on Wireless Pervasive Computing}, 
  title={A Switching Estimated Receiver Position Scheme For Visible Light Based Indoor Positioning System}, 
  year={2009},
  volume={},
  number={},
  pages={1-5},
  doi={10.1109/ISWPC.2009.4800561}}
  
@article{vlp-02-cs,
  title={Visible light communication and 6-axes sensor based positioning technique for a barcode reader system},
  author={Sertthin, Chinnapat and Tsuji, Emiko and Haruyama, Shinichiro and Nakagawa, Masao and Kuwano, Shigeru and Kubota, Shuji},
  journal={IEICE Technical Report; IEICE Tech. Rep.},
  volume={107},
  number={520},
  pages={29--34},
  year={2008},
  publisher={IEICE}
}
@article{vlp-class-cn,
  title={室内 LED 可见光定位若干关键技术的比较研究},
  author={赵嘉琦 and 迟楠},
  journal={灯与照明},
  number={1},
  pages={34--41},
  year={2015}
}

@article{vlp-luo-2017-review,
  title={Indoor positioning systems based on visible light communication: State of the art},
  author={Luo, Junhai and Fan, Liying and Li, Husheng},
  journal={IEEE Communications Surveys \& Tutorials},
  volume={19},
  number={4},
  pages={2871--2893},
  year={2017},
  publisher={IEEE}
}
@INPROCEEDINGS{proximity-12.9cm,
  author={Taylor, Michael T. and Hranilovic, Steve},
  booktitle={2013 IEEE Globecom Workshops (GC Wkshps)}, 
  title={Angular diversity approach to indoor positioning using visible light}, 
  year={2013},
  volume={},
  number={},
  pages={1093-1098},
  doi={10.1109/GLOCOMW.2013.6825138}}

@article{fingerprinting-pd-1,
  title={Optical wireless indoor positioning system using light emitting diode ceiling lights},
  author={Jung, Soo-Yong and Hann, Swook and Park, Suyong and Park, Chang-Soo},
  journal={Microwave and Optical Technology Letters},
  volume={54},
  number={7},
  pages={1622--1626},
  year={2012},
  publisher={Wiley Online Library}
}

@INPROCEEDINGS{fingerprinting-is-1,
  author={Nakazawa, Yohei and Makino, Hideo and Nishimori, Kentaro and Wakatsuki, Daisuke and Komagata, Hideki},
  booktitle={International Conference on Indoor Positioning and Indoor Navigation}, 
  title={Indoor positioning using a high-speed, fish-eye lens-equipped camera in Visible Light Communication}, 
  year={2013},
  volume={},
  number={},
  pages={1-8},
  doi={10.1109/IPIN.2013.6817855}}

@article{is-first-1,
  title={High-accuracy Positioning System using Visible LED Lights and Image Sensor},
  author={Yoshino, Masaki and Haruyama, Shinichiro and Nakagawa, Masao},
  journal={IEICE Technical Report; IEICE Tech. Rep.},
  volume={107},
  number={256},
  pages={23--26},
  year={2007},
  publisher={IEICE}
}
@inproceedings{is-first-2,
  title={High-accuracy positioning system using visible LED lights and image sensor},
  author={Yoshino, Masaki and Haruyama, Shinichiro and Nakagawa, Masao},
  booktitle={2008 IEEE Radio and Wireless Symposium},
  pages={439--442},
  year={2008},
  organization={IEEE}
}

@ARTICLE{vlp-pd-rssr,
  author={Bai, Lin and Yang, Yang and Guo, Caili and Feng, Chunyan and Xu, Xiaogeng},
  journal={IEEE Communications Letters}, 
  title={Camera Assisted Received Signal Strength Ratio Algorithm for Indoor Visible Light Positioning}, 
  year={2019},
  volume={23},
  number={11},
  pages={2022-2025},
  doi={10.1109/LCOMM.2019.2935713}}
@article{vlp-pd-rss,
  title={LIPS: A light intensity--based positioning system for indoor environments},
  author={Xie, Bo and Chen, Kongyang and Tan, Guang and Lu, Mingming and Liu, Yunhuai and Wu, Jie and He, Tian},
  journal={ACM Transactions on Sensor Networks (TOSN)},
  volume={12},
  number={4},
  pages={1--27},
  year={2016},
  publisher={ACM New York, NY, USA}
}
@article{vlp-pd-toa,
  title={Position accuracy of time-of-arrival based ranging using visible light with application in indoor localization systems},
  author={Wang, Thomas Q and Sekercioglu, Y Ahmet and Neild, Adrian and Armstrong, Jean},
  journal={Journal of Lightwave Technology},
  volume={31},
  number={20},
  pages={3302--3308},
  year={2013},
  publisher={IEEE}
}

@ARTICLE{vlp-pd-tdoa,
  author={Du, Pengfei and Zhang, Sheng and Chen, Chen and Alphones, Arokiaswami and Zhong, Wen-De},
  journal={IEEE Photonics Journal}, 
  title={Demonstration of a Low-Complexity Indoor Visible Light Positioning System Using an Enhanced TDOA Scheme}, 
  year={2018},
  volume={10},
  number={4},
  pages={1-10},
  doi={10.1109/JPHOT.2018.2841831}}

@ARTICLE{vlp-pd-aoa,
  author={Zhu, Bingcheng and Zhu, Zhiming and Wang, Yongjin and Cheng, Julian},
  journal={Journal of Lightwave Technology}, 
  title={Optimal Optical Omnidirectional Angle-of-Arrival Estimator With Complementary Photodiodes}, 
  year={2019},
  volume={37},
  number={13},
  pages={2932-2945},
  doi={10.1109/JLT.2019.2907969}}

@inproceedings{vlp-is-aoa,
  title={Luxapose: Indoor positioning with mobile phones and visible light},
  author={Kuo, Ye-Sheng and Pannuto, Pat and Hsiao, Ko-Jen and Dutta, Prabal},
  booktitle={Proceedings of the 20th annual international conference on Mobile computing and networking},
  pages={447--458},
  year={2014}
}

@article{zhuang2018survey,
  title={A survey of positioning systems using visible LED lights},
  author={Zhuang, Yuan and Hua, Luchi and Qi, Longning and Yang, Jun and Cao, Pan and Cao, Yue and Wu, Yongpeng and Thompson, John and Haas, Harald},
  journal={IEEE Communications Surveys \& Tutorials},
  volume={20},
  number={3},
  pages={1963--1988},
  year={2018},
  publisher={IEEE}
}

@INPROCEEDINGS{vlp-rss-aoa,
  author={Hou, Yinan and Xue, Yuankai and Chen, Cao and Xiao, Shilin},
  booktitle={2015 International Conference on Wireless Communications & Signal Processing (WCSP)}, 
  title={A RSS/AOA based indoor positioning system with a single LED lamp}, 
  year={2015},
  volume={},
  number={},
  pages={1-4},
  doi={10.1109/WCSP.2015.7341020}}

@article{vlp-fusionvlp,
  title={FusionVLP: The fusion of photodiode and camera for visible light positioning},
  author={Hua, Luchi and Zhuang, Yuan and Li, You and Wang, Qin and Zhou, Bingpeng and Qi, Longning and Yang, Jun and Cao, Yue and Haas, Harald},
  journal={IEEE Transactions on Vehicular Technology},
  volume={70},
  number={11},
  pages={11796--11811},
  year={2021},
  publisher={IEEE}
}
@article{vlp-kf,
  title={High-speed robust dynamic positioning and tracking method based on visual visible light communication using optical flow detection and Bayesian forecast},
  author={Guan, Weipeng and Chen, Xin and Huang, Mouxiao and Liu, Zixuan and Wu, Yuxiang and Chen, Yingcong},
  journal={IEEE Photonics Journal},
  volume={10},
  number={3},
  pages={1--22},
  year={2018},
  publisher={IEEE}
}
@article{vlp-pf,
  title={Cognitive Indoor Positioning Using Sparse Visible Light Source},
  author={Liu, Xiangyu and Gao, Yujing and Wang, Xiaojie and Guo, Lei and Wei, Xuetao},
  journal={IEEE Transactions on Computational Social Systems},
  volume={9},
  number={6},
  pages={1682--1692},
  year={2022},
  publisher={IEEE}
}
@ARTICLE{vlp-ml-1,
  author={Yuan, Tao and Xu, Yiqin and Wang, Yong and Han, Peng and Chen, Junfang},
  journal={IEEE Photonics Journal}, 
  title={A Tilt Receiver Correction Method for Visible Light Positioning Using Machine Learning Method}, 
  year={2018},
  volume={10},
  number={6},
  pages={1-12},
  doi={10.1109/JPHOT.2018.2880872}}

@inproceedings{vlp-ml-2,
  title={Three-dimensional visible light positioning using regression neural network},
  author={Liu, Peixi and Mao, Tianqi and Ma, Ke and Chen, Jiaxuan and Wang, Zhaocheng},
  booktitle={2019 15th International Wireless Communications \& Mobile Computing Conference (IWCMC)},
  pages={156--160},
  year={2019},
  organization={IEEE}
}

@INPROCEEDINGS{vlp-ml-3,
  author={Lin, Chun and Lin, Bangjiang and Tang, Xuan and Zhou, Zhenlei and Zhang, Haiguang and Chaudhary, Sushank and Ghassemlooy, Zabih},
  booktitle={2018 Asia Communications and Photonics Conference (ACP)}, 
  title={An Indoor Visible Light Positioning System Using Artificial Neural Network}, 
  year={2018},
  volume={},
  number={},
  pages={1-3},
  doi={10.1109/ACP.2018.8596227}}

@ARTICLE{iot-lbs,
  author={Farahsari, Pooyan Shams and Farahzadi, Amirhossein and Rezazadeh, Javad and Bagheri, Alireza},
  journal={IEEE Internet of Things Journal}, 
  title={A Survey on Indoor Positioning Systems for IoT-Based Applications}, 
  year={2022},
  volume={9},
  number={10},
  pages={7680-7699},
  doi={10.1109/JIOT.2022.3149048}}

  @article{裴凌2017室内定位技术与应用综述,
  title={室内定位技术与应用综述},
  author={裴凌 and 刘东辉 and 钱久超},
  journal={导航定位与授时},
  volume={4},
  number={3},
  pages={1--10},
  year={2017}
}
@phdthesis{李占营2018基于伪卫星技术的室内定位系统硬件设计及实现,
  title={基于伪卫星技术的室内定位系统硬件设计及实现},
  author={李占营},
  year={2018},
  school={成都: 电子科技大学}
}
@article{闫大禹2019国内室内定位技术发展现状综述,
  title={国内室内定位技术发展现状综述},
  author={闫大禹 and 宋伟 and 王旭丹 and 胡子烨},
  journal={导航定位学报},
  volume={7},
  number={4},
  pages={5--12},
  year={2019}
}
@article{wifi,
  title={Accurate indoor positioning using temporal--spatial constraints based on Wi-Fi fine time measurements},
  author={Shao, Wenhua and Luo, Haiyong and Zhao, Fang and Tian, Hui and Yan, Shuo and Crivello, Antonino},
  journal={IEEE Internet of Things Journal},
  volume={7},
  number={11},
  pages={11006--11019},
  year={2020},
  publisher={IEEE}
}
@article{uwb,
  title={Accurate indoor positioning using temporal--spatial constraints based on Wi-Fi fine time measurements},
  author={Shao, Wenhua and Luo, Haiyong and Zhao, Fang and Tian, Hui and Yan, Shuo and Crivello, Antonino},
  journal={IEEE Internet of Things Journal},
  volume={7},
  number={11},
  pages={11006--11019},
  year={2020},
  publisher={IEEE}
}
@article{bluetooth,
  title={Smartphone-based indoor positioning using BLE iBeacon and reliable lightweight fingerprint map},
  author={Dinh, Thai-Mai Thi and Duong, Ngoc-Son and Sandrasegaran, Kumbesan},
  journal={IEEE Sensors Journal},
  volume={20},
  number={17},
  pages={10283--10294},
  year={2020},
  publisher={IEEE}
}
@article{LTE,
  title={基于分布式 LTE 网络的室内定位系统},
  author={杨宇 and 陈明 and 刘大庆},
  journal={电信科学},
  volume={34},
  number={6},
  pages={91--97},
  year={2018}
}
@article{ZigBee,
  title={An enhanced ZigBee indoor positioning system with an ensemble approach},
  author={Fang, Shih-Hau and Wang, Chu-Hsuan and Huang, Ting-Yu and Yang, Chin-Huang and Chen, Yung-Sheng},
  journal={IEEE Communications Letters},
  volume={16},
  number={4},
  pages={564--567},
  year={2012},
  publisher={IEEE}
}
@article{5g,
  title={Positioning in 5G networks},
  author={Dwivedi, Satyam and Shreevastav, Ritesh and Munier, Florent and Nygren, Johannes and Siomina, Iana and Lyazidi, Yazid and Shrestha, Deep and Lindmark, Gustav and Ernstr{\"o}m, Per and Stare, Erik and others},
  journal={IEEE Communications Magazine},
  volume={59},
  number={11},
  pages={38--44},
  year={2021},
  publisher={IEEE}
}
@phdthesis{曹帅2020面向智能移动终端的音频室内定位关键技术研究,
  title={面向智能移动终端的音频室内定位关键技术研究},
  author={曹帅},
  year={2020},
  school={中国科学技术大学}
}
@article{室内超声波定位系统,
  title={基于 CDMA-TDOA 的室内超声波定位系统},
  author={肖金红 and 刘智 and 杨阳 and 刘丹},
  journal={吉林大学学报: 信息科学版},
  volume={30},
  number={2},
  pages={213--217},
  year={2012}
}
@article{周家鹏2019地磁室内定位技术研究,
  title={地磁室内定位技术研究},
  author={周家鹏 and 汪云甲 and 李昕 and 曹晓祥 and 曹鸿基},
  year={2019},
  publisher={测绘通报}
}
@article{陈锐志2017基于智能手机的室内定位技术的发展现状和挑战,
  title={基于智能手机的室内定位技术的发展现状和挑战},
  author={陈锐志 and 陈亮},
  year={2017},
  publisher={测绘学报}
}

@ARTICLE{los-channel-model,
  author={Arya, Sudhanshu and Chung, Yeon Ho},
  journal={IEEE Photonics Technology Letters}, 
  title={Non-Line-of-Sight Ultraviolet Communication With Receiver Diversity in Atmospheric Turbulence}, 
  year={2018},
  volume={30},
  number={10},
  pages={895-898},
  doi={10.1109/LPT.2018.2823502}}

@article{nlos-channel-model,
  title={Non-line-of-sight 2$\times$ N indoor optical camera communications},
  author={Hassan, Navid Bani and Ghassemlooy, Zabih and Zvanovec, Stanislav and Luo, Pengfei and Le-Minh, Hoa},
  journal={Applied optics},
  volume={57},
  number={7},
  pages={B144--B149},
  year={2018},
  publisher={Optica Publishing Group}
}

@INPROCEEDINGS{vlp-ml-RL,
  author={Zhang, Zhuo and Chen, Huayang and Hong, Xuezhi and Chen, Jiajia},
  booktitle={2019 Optical Fiber Communications Conference and Exhibition (OFC)}, 
  title={Accuracy Enhancement of Indoor Visible Light Positioning using Point-Wise Reinforcement Learning}, 
  year={2019},
  volume={},
  number={},
  pages={1-3},
  doi={}}

@ARTICLE{vlp-ml-RNN,
  author={Zhang, Ran and Liu, Zichuan and Qian, Kemao and Zhang, Sheng and Du, Pengfei and Chen, Chen and Alphones, Arokiaswami},
  journal={IEEE Access}, 
  title={Outage Bridging and Trajectory Recovery in Visible Light Positioning Using Insufficient RSS Information}, 
  year={2020},
  volume={8},
  number={},
  pages={162302-162312},
  doi={10.1109/ACCESS.2020.3020874}}

  @article{vlp-yang2019visible,
  title={Visible light positioning via floor reflections},
  author={Yang, Fan and Li, Shining and Zhang, Hongbang and Niu, Yang and Qian, Cheng and Yang, Zhe},
  journal={IEEE Access},
  volume={7},
  pages={97390--97400},
  year={2019},
  publisher={IEEE}
}

@article{vlp-bai2021computer,
  title={Computer vision-based localization with visible light communications},
  author={Bai, Lin and Yang, Yang and Chen, Mingzhe and Feng, Chunyan and Guo, Caili and Saad, Walid and Cui, Shuguang},
  journal={IEEE Transactions on Wireless Communications},
  volume={21},
  number={3},
  pages={2051--2065},
  year={2021},
  publisher={IEEE}
}
@article{vlcp-jin2022adaptive,
  title={Adaptive feedback threshold based demodulation for mobile visible light communication and positioning integrated system},
  author={Jin, Jianli and Lu, Huimin and Wang, Jianping and Huang, Jiacheng and Feng, Lifang and Chen, Danyang and Chen, Hongyao and Dong, Tao and Su, Yuwei and Wang, Yufeng},
  journal={Optics Express},
  volume={30},
  number={8},
  pages={13331--13344},
  year={2022},
  publisher={Optica Publishing Group}
}

@article{NLOS-VLP-huang1,
  title={Indoor 3D NLOS VLP using a binocular camera and a single LED},
  author={Huang, Tianming and Lin, Bangjiang and Ghassemlooy, Zabih and Jiang, Ningcong and Lai, Qiwei},
  journal={Optics Express},
  volume={30},
  number={20},
  pages={35431--35443},
  year={2022},
  publisher={Optica Publishing Group}
}

@article{NLOS-VLP-huang2,
  title={3D NLOS VLP Based on a Luminance Distribution Model for Image Sensor},
  author={Huang, Tianming and Lin, Bangjiang and Ghassemlooy, Zabih and Jiang, Ningcong and Lai, Qiwei},
  journal={IEEE Internet of Things Journal},
  year={2022},
  publisher={IEEE}
}
@article{ips-gnss-mehrabian2023sensor,
  title={Sensor fusion for indoor positioning system through improved RSSI and PDR methods},
  author={Mehrabian, Hamidreza and Ravanmehr, Reza},
  journal={Future Generation Computer Systems},
  volume={138},
  pages={254--269},
  year={2023},
  publisher={Elsevier}
}

@article{ips-wahab2022indoor,
  title={Indoor Positioning System: A Review},
  author={Wahab, Nur Haliza Abdul and Sunar, Noorhazirah and Ariffin, Sharifah HS and Wong, Keng Yinn and Aun, Yichiet and others},
  journal={International Journal of Advanced Computer Science and Applications},
  volume={13},
  number={6},
  year={2022},
  publisher={Science and Information (SAI) Organization Limited}
}
@article{ips-wang2023improved,
  title={An improved particle filter indoor fusion positioning approach based on Wi-Fi/PDR/geomagnetic field},
  author={Wang, Tianfa and Han, Litao and Kong, Qiaoli and Li, Zeyu and Li, Changsong and Han, Jingwei and Bai, Qi and Chen, Yanfei},
  journal={Defence Technology},
  year={2023},
  publisher={Elsevier}
}
@article{vlp-abdalmajeed2023improved,
  title={Improved indoor visible light positioning system using machine learning},
  author={Abdalmajeed, Ahmed MM and Mahmoud, Mohamed and El-Fikky, Abd El-Rahman A and Fayed, Heba A and Aly, Moustafa H},
  journal={Optical and Quantum Electronics},
  volume={55},
  number={3},
  pages={209},
  year={2023},
  publisher={Springer}
}
@article{vlp-sen20233d,
  title={3D indoor positioning with spatial modulation for visible light communications},
  author={Sen, Umit and Yesilirmak, Yalin Evrim and Bayman, Irem Ozgur and Arsan, Taner and Panayirci, Erdal and Stevens, Nobby},
  journal={Optics Communications},
  volume={529},
  pages={129091},
  year={2023},
  publisher={Elsevier}
}
@article{ips-pd-is-liu2022efficient,
  title={An Efficient Iterative Least Square Method for Indoor Visible Light Positioning under Shot Noise},
  author={Liu, Xiaona and Zou, Difan and Huang, Nuo and Wang, Yang},
  journal={IEEE Photonics Journal},
  year={2022},
  publisher={IEEE}
}
@article{vlc-sejan2023comprehensive,
  title={A Comprehensive Survey on MIMO Visible Light Communication: Current Research, Machine Learning and Future Trends},
  author={Sejan, Mohammad Abrar Shakil and Rahman, Md Habibur and Aziz, Md Abdul and Kim, Dong-Sun and You, Young-Hwan and Song, Hyoung-Kyu},
  journal={Sensors},
  volume={23},
  number={2},
  pages={739},
  year={2023},
  publisher={MDPI}
}
@article{vlp-ml-tran2022machine,
  title={Machine learning in indoor visible light positioning systems: A review},
  author={Tran, Huy Q and Ha, Cheolkeun},
  journal={Neurocomputing},
  year={2022},
  publisher={Elsevier}
}
@ARTICLE{vlp-9728724,
  author={Sun, Xiao and Zhuang, Yuan and Huai, Jianzhu and Hua, Luchi and Chen, Dong and Li, You and Cao, Yue and Chen, Ruizhi},
  journal={IEEE Internet of Things Journal}, 
  title={RSS-Based Visible Light Positioning Using Nonlinear Optimization}, 
  year={2022},
  volume={9},
  number={15},
  pages={14137-14150},
  doi={10.1109/JIOT.2022.3156616}}
@inproceedings{vlp-fusion-yang2022cga,
  title={CGA-VLP: High Accuracy Visible Light Positioning Algorithm Using Single Square LED with Geomagnetic Angle Correction},
  author={Yang, Chen and Wen, Shangsheng and Yuan, Danlan and Chen, Junye and Huang, Junlin and Guan, Weipeng},
  booktitle={Photonics},
  volume={9},
  number={9},
  pages={653},
  year={2022},
  organization={MDPI}
}